<?xml version="1.0" encoding="UTF-8"?><collection xmlns="http://www.loc.gov/MARC21/slim"><record><leader>00386nam--2200121-i-4500</leader><controlfield tag="001">000016313</controlfield><controlfield tag="002">20161230</controlfield><controlfield tag="005">20161230201031</controlfield><controlfield tag="008">060222s1000------------r-----000-0-eng-d</controlfield><datafield ind1=" " ind2=" " tag="100"><subfield code="a">Gagnaux,Pierre</subfield></datafield><datafield ind1=" " ind2=" " tag="245"><subfield code="a">Moments de dipole et spectres infrarouges de composes d addition formes par le bromure d aluminium avec nitroderives.these</subfield></datafield><datafield ind1=" " ind2=" " tag="260"><subfield code="a">Geneve,Universite,1958. 31 P</subfield></datafield><datafield ind1=" " ind2=" " tag="852"><subfield code="a">78026</subfield></datafield></record></collection>